<?xml version="1.0" encoding="UTF-8"?>
<OAI-PMH xmlns="http://www.openarchives.org/OAI/2.0/" xmlns:xsi="http://www.w3.org/2001/XMLSchema-instance" xsi:schemaLocation="http://www.openarchives.org/OAI/2.0/ http://www.openarchives.org/OAI/2.0/OAI-PMH.xsd">
  <ListRecords>
    <record>
      <header>
        <identifier>aleph-publish:001015067</identifier>
      </header>
      <metadata>
        <record xmlns="http://www.ddb.de/professionell/mabxml/mabxml-1.xsd">
          <leader>00613nM2.01200024------h</leader>
          <controlfield tag="LDR">00613nM2.01200024------h</controlfield>
          <controlfield tag="FMT">MH</controlfield>
          <datafield tag="001" ind1="-" ind2="1">
            <subfield code="a">HT015707971</subfield>
          </datafield>
          <datafield tag="002" ind1="a" ind2="1">
            <subfield code="a">20081022</subfield>
          </datafield>
          <datafield tag="003" ind1="-" ind2="1">
            <subfield code="a">20100218</subfield>
          </datafield>
          <datafield tag="020" ind1="c" ind2="1">
            <subfield code="a">ZLB14832672</subfield>
          </datafield>
          <datafield tag="026" ind1="-" ind2="1">
            <subfield code="a">KBVZLB14832672</subfield>
          </datafield>
          <controlfield tag="030">a|1uc||||||37</controlfield>
          <datafield tag="036" ind1="a" ind2="1">
            <subfield code="a">DE</subfield>
          </datafield>
          <datafield tag="037" ind1="b" ind2="1">
            <subfield code="a">ger</subfield>
          </datafield>
          <controlfield tag="050">a|||||||||||||</controlfield>
          <controlfield tag="051">nx||||||</controlfield>
          <datafield tag="070" ind1="-" ind2="1">
            <subfield code="a">6</subfield>
          </datafield>
          <datafield tag="070" ind1="b" ind2="1">
            <subfield code="a">468</subfield>
          </datafield>
          <datafield tag="080" ind1="-" ind2="1">
            <subfield code="a">60</subfield>
          </datafield>
          <datafield tag="100" ind1="b" ind2="1">
            <subfield code="p">Regenhardt, Hans-Otto</subfield>
            <subfield code="9">(DE-588)111624975</subfield>
            <subfield code="b">[Hrsg.]</subfield>
          </datafield>
          <datafield tag="104" ind1="b" ind2="1">
            <subfield code="p">Bente, Markus</subfield>
            <subfield code="9">(DE-588)122105605</subfield>
          </datafield>
          <datafield tag="108" ind1="b" ind2="1">
            <subfield code="p">Britt, Thomas P.</subfield>
            <subfield code="9">(DE-588)136477925</subfield>
          </datafield>
          <datafield tag="112" ind1="b" ind2="1">
            <subfield code="p">Asch, Bettina</subfield>
            <subfield code="9">(DE-588)115804021</subfield>
          </datafield>
          <datafield tag="331" ind1="-" ind2="1">
            <subfield code="a">Forum Geschichte kompakt</subfield>
          </datafield>
          <datafield tag="359" ind1="-" ind2="1">
            <subfield code="a">hrsg. von Hans-Otto Regenhardt</subfield>
          </datafield>
          <datafield tag="403" ind1="-" ind2="1">
            <subfield code="a">[Gymnasium] Nordrhein-Westfalen</subfield>
          </datafield>
          <datafield tag="410" ind1="-" ind2="1">
            <subfield code="a">Berlin</subfield>
          </datafield>
          <datafield tag="412" ind1="-" ind2="1">
            <subfield code="a">Cornelsen</subfield>
          </datafield>
          <datafield tag="425" ind1="b" ind2="1">
            <subfield code="a">2008</subfield>
          </datafield>
          <datafield tag="523" ind1="-" ind2="1">
            <subfield code="a">Das Lehrwerk erscheint in einer zweibändigen und einer inhaltsgleichen dreibändigen Ausgabe</subfield>
          </datafield>
          <datafield tag="655" ind1="e" ind2="1">
            <subfield code="a">$qtext/html$uhttp://deposit.d-nb.de/cgi-bin/dokserv?id=3092092&amp;prov=M&amp;dok_var=1&amp;dok_ext=htm$3Inhaltstext$A2</subfield>
          </datafield>
          <datafield tag="655" ind1="e" ind2="1">
            <subfield code="a">$u</subfield>
          </datafield>
          <datafield tag="675" ind1="-" ind2="1">
            <subfield code="a">Schulbuch Gymnasium Nordrhein-Westfalen</subfield>
          </datafield>
          <datafield tag="710" ind1="-" ind2="1">
            <subfield code="a">Geschichtsunterricht</subfield>
          </datafield>
          <datafield tag="710" ind1="-" ind2="1">
            <subfield code="a">Nordrhein-Westfalen</subfield>
          </datafield>
          <datafield tag="710" ind1="-" ind2="1">
            <subfield code="a">Schulbuch</subfield>
          </datafield>
          <controlfield tag="SYS">001015067</controlfield>
          <datafield tag="700" ind1=" " ind2=" ">
            <subfield code="a">MQX</subfield>
          </datafield>
          <datafield tag="OWN" ind1=" " ind2=" ">
            <subfield code="a">P0001</subfield>
            <subfield code="n">466 - Paderborn: UB</subfield>
          </datafield>
          <datafield tag="PLK" ind1=" " ind2=" ">
            <subfield code="a">DN</subfield>
            <subfield code="l">PAD01</subfield>
            <subfield code="b">001015070</subfield>
            <subfield code="m">Forum Geschichte kompakt.^2008</subfield>
            <subfield code="n">Bd. 2, Teilbd. 2, Vom Ende des Ersten Weltkriegs bis zur Gegenwart;^[Schülerbd.];^.^2008</subfield>
          </datafield>
          <datafield tag="PLK" ind1=" " ind2=" ">
            <subfield code="a">DN</subfield>
            <subfield code="l">PAD01</subfield>
            <subfield code="b">001015068</subfield>
            <subfield code="m">Forum Geschichte kompakt.^2008</subfield>
            <subfield code="n">Bd. 2, Teilbd. 1, Von der Frühen Neuzeit bis zum Ersten Weltkrieg;^[Schülerbd.];^.^2008</subfield>
          </datafield>
          <datafield tag="LOC" ind1=" " ind2=" ">
            <subfield code="m">UEO</subfield>
            <subfield code="a">P0001</subfield>
            <subfield code="b">30</subfield>
            <subfield code="d">MQX4954-...</subfield>
            <subfield code="n">30</subfield>
            <subfield code="k">00000000</subfield>
            <subfield code="5">1106314-10</subfield>
          </datafield>
        </record>
      </metadata>
    </record>
  </ListRecords>
</OAI-PMH>
